
  @book{Gauss27,
  title = {{Great book}},
  author = {Carl Friedrich Gauss},
  year = {1827},
  publisher = {Springer},
  address = {Berlin}
}

@Article{XYZ17,
  author =       "X and Y and Z",
  title =        {{Great Article}},
  journal =      "Some journal",
  pages =        "1-4",
  issue =		"4",
  volume =       "11",
  year =         "2017",
  }
